@inproceedings{artemis,
 author = {Artzi, Shay and Dolby, Julian and Jensen, Simon Holm and M{\o}ller, Anders and Tip, Frank},
 title = {A Framework for Automated Testing of Javascript Web Applications},
 booktitle = {Proceedings of the 33rd International Conference on Software Engineering},
 series = {ICSE '11},
 year = {2011},
 isbn = {978-1-4503-0445-0},
 location = {Waikiki, Honolulu, HI, USA},
 pages = {571--580},
 numpages = {10},
 url = {http://doi.acm.org/10.1145/1985793.1985871 },
 doi = {10.1145/1985793.1985871},
 acmid = {1985871},
 publisher = {ACM},
 address = {New York, NY, USA},
 keywords = {ajax, automated testing, debugging, event driven, javascript, random testing, web applications},
} 

@misc{ZenSjeiti,
  author={Ron Valstar},
  title={Emmet JavaScript API},
  howpublished={\url{http://zen.sjeiti.com/ }}
}	

@misc{ZenCoding,
  author={zen_coding},
  title={Zen Coding at Google Code},
  howpublished={\url{https://code.google.com/p/zen-coding/ }}
}	

